@article{yourstone2008classroom,
  title={Classroom questioning with immediate electronic response: Do clickers improve learning?},
  author={Yourstone, Steven A and Kraye, Howard S and Albaum, Gerald},
  journal={Decision Sciences Journal of Innovative Education},
  volume={6},
  number={1},
  pages={75--88},
  year={2008},
  publisher={Wiley Online Library}
}

@article{siau2006use,
  title={Use of a classroom response system to enhance classroom interactivity},
  author={Siau, Keng and Sheng, Hong and Nah, Fiona Fui-Hoon},
  journal={Education, IEEE Transactions on},
  volume={49},
  number={3},
  pages={398--403},
  year={2006},
  publisher={IEEE}
}

@article{stowell2015use,
  title={Use of clickers vs. mobile devices for classroom polling},
  author={Stowell, Jeffrey R},
  journal={Computers \& Education},
  volume={82},
  pages={329--334},
  year={2015},
  publisher={Elsevier}
}

@article{moredich2007engaging,
  title={Engaging students through the use of classroom response systems},
  author={Moredich, Cheryl and Moore, Ellen},
  journal={Nurse Educator},
  volume={32},
  number={3},
  pages={113--116},
  year={2007},
  publisher={LWW}
}

@article{draper2004increasing,
  title={Increasing interactivity in lectures using an electronic voting system},
  author={Draper, Stephen W and Brown, Margaret I},
  journal={Journal of computer assisted learning},
  volume={20},
  number={2},
  pages={81--94},
  year={2004},
  publisher={Wiley Online Library}
}

@article{lantz2014effectiveness,
  title={Effectiveness of clickers: Effect of feedback and the timing of questions on learning},
  author={Lantz, Michael E and Stawiski, Angela},
  journal={Computers in Human Behavior},
  volume={31},
  pages={280--286},
  year={2014},
  publisher={Elsevier}
}

@article{stowell2007benefits,
  title={Benefits of electronic audience response systems on student participation, learning, and emotion},
  author={Stowell, Jeffrey R and Nelson, Jason M},
  journal={Teaching of psychology},
  volume={34},
  number={4},
  pages={253--258},
  year={2007},
  publisher={SAGE Publications}
}

@article{shaffer2009evaluating,
  title={Evaluating the effectiveness of a personal response system in the classroom},
  author={Shaffer, Dennis M and Collura, Michael J},
  journal={Teaching of Psychology},
  volume={36},
  number={4},
  pages={273--277},
  year={2009},
  publisher={Taylor \& Francis}
}

@article{ralph1994effects,
  title={Effects of response cards on student participation and academic achievement: A systematic replication with inner-city students during whole-class science instruction},
  author={Ralph Gardner III, William L Heward and Grossi, Teresa A},
  journal={Journal of applied behavior analysis},
  volume={27},
  number={1},
  pages={63},
  year={1994},
  publisher={Society for the Experimental Analysis of Behavior}
}

@article{sun2014influence,
  title={Influence of polling technologies on student engagement: An analysis of student motivation, academic performance, and brainwave data},
  author={Sun, Jerry Chih-Yuan},
  journal={Computers \& Education},
  volume={72},
  pages={80--89},
  year={2014},
  publisher={Elsevier}
}

@book{sommerville2011software,
    title={Software Engineering},
    author={Sommerville, Ian},
    year={2011},
    publisher={Addison-Wesley},
    edition={Ninth}
}

@inproceedings{Hauswirth09,
    author = {Hauswirth, Matthias and Adamoli, Andrea},
    title = {Solve \& evaluate with informa: a Java-based classroom response system for teaching Java},
    booktitle = {Proceedings of the 7th International Conference on Principles and Practice of Programming in Java},
    series = {PPPJ '09},
    year = {2009},
    isbn = {978-1-60558-598-7},
    location = {Calgary, Alberta, Canada},
    pages = {1--10},
    numpages = {10},
    url = {http://doi.acm.org/10.1145/1596655.1596657},
    doi = {http://doi.acm.org/10.1145/1596655.1596657},
    acmid = {1596657},
    publisher = {ACM},
    address = {New York, NY, USA},
    keywords = {classroom clickers, collaborative learning},
}
@inproceedings{carter2012experience,
    title={An experience report: on the use of multimedia pre-instruction and just-in-time teaching in a CS1 course},
    author={Carter, Paul},
    booktitle={Proceedings of the 43rd ACM technical symposium on Computer Science Education},
    pages={361--366},
    year={2012},
    organization={ACM}
}

@inproceedings{koile2007supporting,
  title={Supporting pen-based classroom interaction: New findings and functionality for classroom learning partner},
  author={Koile, Kimberle and Chevalier, Kevin and Low, Capen and Pal, Sanjutka and Rogal, Adam and Singer, David and Sorensen, Jordan and Tay, Kah Seng and Wu, Kenneth},
  booktitle={Pen-Based Learning Technologies, 2007. PLT 2007. First International Workshop on},
  pages={1--7},
  year={2007},
  organization={IEEE}
}

@inproceedings{koile2006improving,
  title={Improving learning in CS1 via tablet-PC-based in-class assessment},
  author={Koile, Kimberle and Singer, David},
  booktitle={Proceedings of the second international workshop on Computing education research},
  pages={119--126},
  year={2006},
  organization={ACM}
}

@article{johnson2005j2ee,
  title={J2EE development frameworks},
  author={Johnson, Rod},
  journal={Computer},
  volume={38},
  number={1},
  pages={107--110},
  year={2005},
  publisher={IEEE}
}

@misc{mathjax_2016,
    author={MathJax},
    url={https://www.mathjax.org/},
    urldate={2016-3-15},
    journal={Mathjax.org},
    year={2016}
}

@misc{google/code-prettify_2016,
    author={Google},
    url={https://github.com/google/code-prettify},
    urldate={2016-3-15},
    journal={GitHub},
    year={2016}
}

@article{beneito2011ethnography,
  title={Ethnography goes online: towards a user-centred methodology to research interpersonal communication on the internet},
  author={Beneito-Montagut, Roser},
  journal={Qualitative Research},
  volume={11},
  number={6},
  pages={716--735},
  year={2011},
  publisher={SAGE Publications}
}

@article{porter1979competitive,
  title={How competitive forces shape strategy},
  author={Porter, Michael E},
  year={1979},
  publisher={Harvard Business Review Boston},
  journal={Harvard Business Review}
}

@article{porter2008five,
  title={The five competitive forces that shape strategy.},
  author={Porter, Michael E},
  year={2008},
  publisher={Harvard Business School Publishing},
  journal={Harvard Business Review}
}

@book{deacon2007researching,
  title={Researching communications: A practical guide to methods in media and cultural analysis},
  author={Deacon, David},
  year={2007},
  publisher={Hodder Arnold}
}

@book{dillman1978mail,
  title={Mail and telephone surveys},
  author={Dillman, Don A},
  volume={3},
  year={1978},
  publisher={Wiley Interscience}
}

@article{likert1932technique,
  title={A technique for the measurement of attitudes.},
  author={Likert, Rensis},
  journal={Archives of psychology},
  year={1932}
}

@article{matell1972there,
  title={Is there an optimal number of alternatives for Likert-scale items? Effects of testing time and scale properties.},
  author={Matell, Michael S and Jacoby, Jacob},
  journal={Journal of Applied Psychology},
  volume={56},
  number={6},
  pages={506-509},
  year={1972},
  publisher={American Psychological Association}
}

@article{lin2011implementing,
  title={Implementing clickers to assist learning in science lectures: The Clicker-Assisted Conceptual Change model.},
  author={Lin, Yi-Chun and Liu, Tzu-Chien and Chu, Ching-Chi},
  journal={Australasian Journal of Educational Technology},
  volume={27},
  number={6},
  year={2011}
}

@book{henderson2006building,
  title={Building scalable web sites},
  author={Henderson, Cal},
  year={2006},
  publisher={" O'Reilly Media, Inc."}
}

@article{davis1989user,
  title={User acceptance of computer technology: a comparison of two theoretical models},
  author={Davis, Fred D and Bagozzi, Richard P and Warshaw, Paul R},
  journal={Management science},
  volume={35},
  number={8},
  pages={982--1003},
  year={1989},
  publisher={INFORMS}
}

@article{davis1989perceived,
  title={Perceived usefulness, perceived ease of use, and user acceptance of information technology},
  author={Davis, Fred D},
  journal={MIS quarterly},
  pages={319--340},
  year={1989},
  publisher={JSTOR}
}